<?xml version="1.0" encoding="UTF-8"?><collection xmlns="http://www.loc.gov/MARC21/slim"><record><leader>00347nam--2200133-i-4500</leader><controlfield tag="001">000033603</controlfield><controlfield tag="002">20161230</controlfield><controlfield tag="005">20161230201039</controlfield><controlfield tag="008">060222s1000------------r-----000-0-eng-d</controlfield><datafield ind1=" " ind2=" " tag="080"><subfield code="a">551.5</subfield></datafield><datafield ind1=" " ind2=" " tag="100"><subfield code="a">Mousreaux, M.Th</subfield></datafield><datafield ind1=" " ind2=" " tag="245"><subfield code="a">Determinations magnetiques faites  en france pendant l`annee 1893</subfield></datafield><datafield ind1=" " ind2=" " tag="260"><subfield code="a">Paris, F.L., F.An. 102p</subfield></datafield><datafield ind1=" " ind2=" " tag="852"><subfield code="a">48142</subfield></datafield></record></collection>